
@inproceedings{ACE05,
  title={The Automatic Content Extraction Program-Tasks, Data, and Evaluation},
  author={Doddington, George and Mitchell, Alexis and Przybocki, Mark and Ramshaw, Lance and Strassel, Stephanie and Weischedel, Ralph},
  booktitle={Proceedings of the Fourth International Conference on Language Resources and Evaluation },
  pages={837--840},
  year={2004},
  address={Lisbon, Portugal},
  publisher={European Language Resources Association}
} 